
@manual{haskell_xmonad,
	title = {Documentación de XMonad},
    url = {https://xmonad.org/documentation.html},
    langid = english
}


@manual{hackage_xmonad_contrib,
	title = {Paquete XMonad-Contrib},
    url = {https://hackage.haskell.org/package/xmonad-contrib},
    langid = english
}

@manual{hackage_xmobar,
	title = {Paquete XMobar},
    url = {https://hackage.haskell.org/package/xmobar},
    langid = english
}

@manual{hackage_termonad,
	title = {Paquete Termonad},
    url = {https://hackage.haskell.org/package/termonad},
    langid = english
}

@manual{rofi,
	title = {Documentación de Rofi},
    url = {https://davatorium.github.io/rofi/},
    langid = english
}

@manual{dwm_exe,
	title = {Arquitectura y componentes de Windows},
    url = {https://learn.microsoft.com/es-mx/windows/win32/directcomp/architecture-and-components},
    langid = spanish
}

@manual{x_wayland,
	title = {Arquitectura X vs. Wayland},
    url = {https://wayland.freedesktop.org/docs/html/ch03.html#sect-Wayland-Architecture-wayland_architecture},
    langid = english
}

@manual{haskell_stack,
	title = {Documentación de Stack (Haskell)},
    url = {https://docs.haskellstack.org/en/stable/},
    langid = english
}

@article{hipotermia_munieca,
	title = {Wrist Hypothermia Related to Continuous Work with a Computer Mouse: A Digital Infrared Imaging Pilot Study},
	volume = {12},
	url = {https://www.mdpi.com/1660-4601/12/8/9265},
	doi = {10.3390/ijerph120809265},
	number = {9265},
	author = {Reste, Jelena and Zvagule, Tija and Kurjane, Natalija and Martinzone, Zanna and Martinzone, Inese and Seile, Anita and Vanadzins, Ivars},
	date = {2015-08-07},
    langid = english
}

@article{desorden_extremidades,
	title = {Computer mouse use and cumulative trauma disorders of the upper extremities},
	volume = {38},
	url = {https://www.tandfonline.com/doi/abs/10.1080/00140139508925280},
    doi = {10.1080/00140139508925280},
	number = {12},
	author = {Fogleman, Maxwell and Brogmus, George},
	date = {2007-10-24},
    langid = english
}

@article{dermatosis,
	title = {Frictional lichenified dermatosis from prolonged use of a computer mouse: Case report and review of the literature of computer-related dermatoses},
	volume = {16},
	url = {https://escholarship.org/uc/item/9bs5w7c3},
    doi = {10.5070/D39bs5w7c3},
	number = {12},
	author = {Ghasri, Pedram and Feldman, Steven R},
	date = {2010-12-01},
    langid = english
}
